@misc{aquatell_canada_2018,
  title   = {Chlorine or chloramine? A look at the cities of Canada.},
  url     = {https://www.aquatell.ca/blogs/aquatell/chloramine-use-in-canadian-cities},
  journal = {Aquatell Canada},
  year    = {2018},
  month   = {Jun}
}

@misc{canada.ca_2020,
  title     = {Guidelines for Canadian Drinking Water Quality: Guideline Technical Document – Chloramines},
  url       = {https://www.canada.ca/en/health-canada/services/publications/healthy-living/guidelines-canadian-drinking-water-quality-guideline-technical-document-chloramines.html},
  journal   = {Canada.ca},
  publisher = {Health Canada},
  year      = {2020},
  month     = {Feb}
}

@misc{chemicals_toronto,
  url       = {https://www.toronto.ca/legdocs/2001/agendas/council/cc010724/wks12rpt/cl005.pdf},
  publisher = {City of Toronto}
}

@misc{cleanroom_technology_2013,
  title   = {The science of chlorine-based disinfectant},
  url     = {https://www.cleanroomtechnology.com/news/article_page/The_science_of_chlorine-based_disinfectant/93824},
  journal = {Cleanroom technology},
  year    = {2013},
  month   = {Dec}
}

@misc{canterbury,
  url       = {https://www.canterbury.ac.nz/media/documents/science-outreach/chloride_mohr.pdf},
  publisher = {University of Canterbury}
}

@misc{espwaterproducts.com,
  title   = {How to remove chlorine from water: ESP water products},
  url     = {https://www.espwaterproducts.com/how-to-remove-chlorine-from-drinking-water/},
  journal = {ESPWaterProducts.com}
}

@misc{chlorine_canada,
  title     = {Page 3: Guidelines for Canadian Drinking Water Quality: Guideline Technical Document — Chlorine},
  url       = {https://www.canada.ca/en/health-canada/services/publications/healthy-living/guidelines-canadian-drinking-water-quality-chlorine-guideline-technical-document/page-3-guidelines-canadian-drinking-water-quality-chlorine-guideline-technical-document.html},
  journal   = {Government of Canada},
  publisher = {Health Canada},
  year      = {2016},
  month     = {Jan}
}

@misc{gray_2021,
  title     = {How to remove chlorine from water},
  url       = {https://sensibledigs.com/remove-chlorine-from-water},
  journal   = {Sensible Digs},
  publisher = {Sensible Digs},
  author    = {Gray, Peter},
  year      = {2021},
  month     = {Aug}
}

@misc{hadhazy_2013,
  title   = {Science of Summer: How Chlorine Kills Pool Germs},
  url     = {https://www.livescience.com/37122-how-chlorine-kills-pool-germs.html},
  journal = {LiveScience},
  author  = {Hadhazy, Adam},
  year    = {2013},
  month   = {Jun}
}

@misc{toronto_chlorine_reasons,
  url       = {https://www.toronto.ca/311/knowledgebase/kb/docs/articles/toronto-water/water-treatment-and-supply/water-treatment-plants/f.j.-horgan-treatment-plant/reasons-that-the-city-uses-chlorine-to-treat-drinking-water.html},
  journal   = {Reasons that the City uses chlorine to treat drinking water},
  publisher = {City of Toronto}
}